@misc{Web:OpenMp,
	author     = "OpenMp",
	title      = "{Home - OpenMp}",
	year       =  2020,
	note       = "[Online; accessed 17-May-2020]",
	url        = "https://www.openmp.org/",
}

@misc{Web:Halide,
	author     = "Halide",
	title      = "{Halide}",
	year       =  2020,
	note       = "[Online; accessed 17-May-2020]",
	url        = "https://www.halide-lang.org/",
}
@misc{Web:PULP,
	author     = "PULP",
	title      = "{PULP Platform}",
	year       =  2020,
	note       = "[Online; accessed 17-May-2020]",
	url        = " https://pulp-platform.org",
}

@misc{Web:Hero,
	author     = "Hero",
	title      = "{HERO: The Open Heterogeneous Research Platform}",
	year       =  2020,
	note       = "[Online; accessed 17-May-2020]",
	url        = "https://pulp-platform.org/hero.html",
}
@misc{Web:Wikipedia_Hete,
	author     = "Wikipedia",
	title      = "{Heterogeneous computing - Wikipedia}",
	year       =  2020,
	note       = "[Online; accessed 17-May-2020]",
	url        = "https://en.wikipedia.org/wiki/Heterogeneous_computing",
}
@misc{Web:Wikipedia_OpenMP,
	author     = "Wikipedia",
	title      = "Open{MP} - {W}ikipedia",
	year       =  2020,
	note       = "[Online; accessed 24-May-2020]",
	url        = "https://en.wikipedia.org/wiki/OpenMP",
}
@misc{Web:HalideDebug,
	author     = "Halide",
	title      = "Debugging Tips Â· halide/Halide Wiki",
	year       =  2020,
	note       = "[Online; accessed 24-May-2020]",
	url        = "https://github.com/halide/Halide/wiki/Debugging-Tips",
}
@article{Art:Harnessing,
	author = "Ashish Venkat and  Dean M. Tullsen",
	title  = "{Harnessing ISA Diversity: Design of a Heterogeneous-ISA Chip Multiprocessor}",
	year   = "2014",
	journal = {ICSA},
	pages  = "121--132",
	DOI    = "https://dl.acm.org/doi/10.5555/2665671.2665692",
}
@misc{Art:HeteroStrat,
	year   = "2006",
	title  = "{Heterogeneous Processing: a Strategy for Augmenting Moore's Law | Linux Journal}",
	author = "Amar Shan",
	note       = "[Online; accessed 17-May-2020]",
	url        = "https://www.linuxjournal.com/article/8368",
}

@misc{Report:SoftwareStack,
	year   = "2019",
	title  = "{Software Stack for the First Fully Open-Source Heterogeneous SoC}",
	author = "Koen Wolters",
	note    = "Master Thesis",
}
@article{Art:Hero,
	year  = "2017",
	title = "{HERO: Heterogeneous Embedded Research Platform for Exploring RISC-V Manycore Accelerators on FPGA}",
	author = "Andreas Kurth and Pirmin Vogel and Alessandro Capotondi and Luca Benini",
	url    = "https://arxiv.org/abs/1712.06497",
}
@article{Art:Halide,
	year  = "2013",
	title = "{Halide: a language and compiler for optimizing parallelism, locality, and recomputation in image processing pipelines}",
	author = "Barnes, Connelly and Adams, Andrew and Paris, Sylvain and Ragan-Kelley, Jonathan Millar and Durand, Fredo and  Amarasinghe, Saman P. ",
	url    = "https://dspace.mit.edu/handle/1721.1/85943",
}

@article{Art:RpiClusters,
	year = 2019,
	title = "{Performance analysis of single board computer clusters}",
	author = "Philip J.Basford and Steven J.Johnston and Colin S.Perkins and Tony Garnock-Jones and Fung Po Tso and Dimitrios Pezaros and Robert D.Mullins and Eiko Yoneki and Jeremy Singer and Simon J.Coxa",
	url = "https://www.sciencedirect.com/science/article/pii/S0167739X1833142X",
}

@article{Art:NanoDrone,

	year = 2019,
	title = "{A 64-mW DNN-Based Visual Navigation Engine for Autonomous Nano-Drones}",
	author = "Daniele Palossi and  Antonio Loquercio and Francesco Cont and  Eric Flamand and  Davide Scaramuzza and Luca Benini",
	url = "https://arxiv.org/abs/1805.01831",
}



